<record><leader>00000cas a2200000 a 4500</leader><controlfield tag="001">12208001</controlfield><controlfield tag="008">850627d19591969ksuwr ne      0    0eng d</controlfield><datafield ind1=" " ind2=" " tag="010"><subfield code="a">sn 85029397 </subfield></datafield><datafield ind1=" " ind2=" " tag="040"><subfield code="a">KSH</subfield><subfield code="b">eng</subfield><subfield code="c">KSH</subfield><subfield code="d">NPT</subfield><subfield code="d">OCL</subfield><subfield code="d">OCLCQ</subfield></datafield><datafield ind1=" " ind2=" " tag="042"><subfield code="a">msc</subfield></datafield><datafield ind1="0" ind2=" " tag="130"><subfield code="a">Citizen (Overbrook, Kan. : 1959)</subfield></datafield><datafield ind1="1" ind2="4" tag="245"><subfield code="a">The citizen.</subfield></datafield><datafield ind1=" " ind2=" " tag="260"><subfield code="a">Overbrook, Kan. :</subfield><subfield code="b">Frank Boyd,</subfield><subfield code="c">1959-1969.</subfield></datafield><datafield ind1=" " ind2=" " tag="300"><subfield code="a">10 v. :</subfield><subfield code="b">ill. ;</subfield><subfield code="c">42-48 cm.</subfield></datafield><datafield ind1=" " ind2=" " tag="310"><subfield code="a">Weekly</subfield></datafield><datafield ind1="0" ind2=" " tag="362"><subfield code="a">Vol. 71, no. 42 (Oct. 15, 1959)-v. 81, no. 2 (Jan. 9, 1969).</subfield></datafield><datafield ind1=" " ind2=" " tag="515"><subfield code="a">Issue for Oct. 15, 1959 misdated Oct. 1, 1959.</subfield></datafield><datafield ind1=" " ind2=" " tag="752"><subfield code="a">United States</subfield><subfield code="b">Kansas</subfield><subfield code="c">Osage</subfield><subfield code="d">Overbrook.</subfield></datafield><datafield ind1="0" ind2="4" tag="780"><subfield code="t">Overbrook citizen (Overbrook, Kan, : 1898)</subfield><subfield code="w">(DLC)sn 85029410</subfield></datafield><datafield ind1="0" ind2="4" tag="780"><subfield code="t">Gazette-record</subfield><subfield code="w">(DLC)sn 85029413</subfield></datafield><datafield ind1="0" ind2="0" tag="785"><subfield code="t">Overbrook citizen (Overbrook, Kan. : 1969)</subfield><subfield code="w">(DLC)sn 85029396</subfield></datafield></record>